@article{DBLP:journals/corr/abs-1708-05866,
  author    = {Kai Arulkumaran and
               Marc Peter Deisenroth and
               Miles Brundage and
               Anil Anthony Bharath},
  title     = {A Brief Survey of Deep Reinforcement Learning},
  journal   = {CoRR},
  volume    = {abs/1708.05866},
  year      = {2017},
  url       = {http://arxiv.org/abs/1708.05866},
  archivePrefix = {arXiv},
  eprint    = {1708.05866},
  timestamp = {Tue, 05 Sep 2017 10:03:46 +0200},
  biburl    = {http://dblp.org/rec/bib/journals/corr/abs-1708-05866},
  bibsource = {dblp computer science bibliography, http://dblp.org}
}

@article{DBLP:journals/corr/MnihKSGAWR13,
  author    = {Volodymyr Mnih and
               Koray Kavukcuoglu and
               David Silver and
               Alex Graves and
               Ioannis Antonoglou and
               Daan Wierstra and
               Martin A. Riedmiller},
  title     = {Playing Atari with Deep Reinforcement Learning},
  journal   = {CoRR},
  volume    = {abs/1312.5602},
  year      = {2013},
  url       = {http://arxiv.org/abs/1312.5602},
  archivePrefix = {arXiv},
  eprint    = {1312.5602},
  timestamp = {Wed, 07 Jun 2017 14:43:06 +0200},
  biburl    = {http://dblp.org/rec/bib/journals/corr/MnihKSGAWR13},
  bibsource = {dblp computer science bibliography, http://dblp.org}
}

@article{DBLP:journals/corr/abs-1207-4708,
  author    = {Marc G. Bellemare and
               Yavar Naddaf and
               Joel Veness and
               Michael Bowling},
  title     = {The Arcade Learning Environment: An Evaluation Platform for General
               Agents},
  journal   = {CoRR},
  volume    = {abs/1207.4708},
  year      = {2012},
  url       = {http://arxiv.org/abs/1207.4708},
  archivePrefix = {arXiv},
  eprint    = {1207.4708},
  timestamp = {Wed, 07 Jun 2017 14:43:03 +0200},
  biburl    = {http://dblp.org/rec/bib/journals/corr/abs-1207-4708},
  bibsource = {dblp computer science bibliography, http://dblp.org}
}

@article{44806,
title = {Mastering the game of Go with deep neural networks and tree search},
author  = {David Silver and Aja Huang and Christopher J. Maddison and Arthur Guez and Laurent Sifre and George van den Driessche and Julian Schrittwieser and Ioannis Antonoglou and Veda Panneershelvam and Marc Lanctot and Sander Dieleman and Dominik Grewe and John Nham and Nal Kalchbrenner and Ilya Sutskever and Timothy Lillicrap and Madeleine Leach and Koray Kavukcuoglu and Thore Graepel and Demis Hassabis},
year  = {2016},
URL = {http://www.nature.com/nature/journal/v529/n7587/full/nature16961.html},
journal = {Nature},
pages = {484--503},
volume  = {529}
}

@misc{space-invaders,
  title = {Space Invaders Wikipedia page},
  url = {https://en.wikipedia.org/wiki/Space_Invaders}
}

@misc{breakout,
  title = {Breakout Wikipedia page},
  url = {https://en.wikipedia.org/wiki/Breakout_(video_game)}
}

@article{fitzpatrick2003flow,
  title={Flow/acoustic interactions of two cylinders in cross-flow},
  author={Fitzpatrick, JA},
  journal={Journal of Fluids and Structures},
  volume={17},
  number={1},
  pages={97--113},
  year={2003},
  publisher={Elsevier}
}

@article{finnegan2010experimental,
  title={Experimental investigation of the acoustic power around two tandem cylinders},
  author={Finnegan, SL and Meskell, C and Ziada, S},
  journal={Journal of Pressure Vessel Technology},
  volume={132},
  number={4},
  pages={041306},
  year={2010},
  publisher={American Society of Mechanical Engineers}
}

@article{hall2003vortex,
  title={Vortex-shedding from single and tandem cylinders in the presence of applied sound},
  author={Hall, JW and Ziada, S and Weaver, DS},
  journal={Journal of Fluids and Structures},
  volume={18},
  number={6},
  pages={741--758},
  year={2003},
  publisher={Elsevier}
}

@inproceedings{jordan2001array,
  title={Array Beam pattern Control for Measurement of Propeller Noise},
  author={Jordan, Peter and Fitzpatrick, John and Meskell, Craig},
  booktitle={AIAA/CEAS Aeroacoustics Conference and Exhibit, Maastricht, Netherlands},
  year={2001}
}

@book{paidoussis2010fluid,
  title={Fluid-structure interactions: cross-flow-induced instabilities},
  author={Pa{\"\i}doussis, Michael P and Price, Stuart J and De Langre, Emmanuel},
  year={2010},
  publisher={Cambridge University Press}
}

@techreport{reyes2007power,
  title={Power Uprate Program Status Report-Secy-07-0090},
  author={Reyes, L},
  year={2007},
  institution={Technical Report, US Nuclear Regulatory Commission}
}

@online{iea2011,
author = {{International Energy Agency}},
title  = {{Technology Roadmap --- Geothermal Heat and Power}},
date   = {2011},
note = {\url{https://www.iea.org/publications/freepublications/publication/Geothermal_Roadmap.pdf}},
}

@article{shustek2008interview,
  title={Interview Donald Knuth: A life's work interrupted},
  author={Shustek, Len and Interviewee-Knuth, Donald},
  journal={Communications of the ACM},
  volume={51},
  number={8},
  pages={31--35},
  year={2008},
  publisher={ACM}
}

@article{oetiker2001not,
  title={The not so short introduction to LATEX 2$\varepsilon$},
  author={Oetiker, Tobias and Partl, Hubert and Hyna, Irene and Schlegl, Elisabeth},
  year={2001},
  note={\url{https://doi.org/10.3929/ethz-a-004398225}}
}
