@article{survey-drl,
  author    = {Kai Arulkumaran and
               Marc Peter Deisenroth and
               Miles Brundage and
               Anil Anthony Bharath},
  title     = {A Brief Survey of Deep Reinforcement Learning},
  journal   = {CoRR},
  volume    = {abs/1708.05866},
  year      = {2017},
  url       = {http://arxiv.org/abs/1708.05866},
  archivePrefix = {arXiv},
  eprint    = {1708.05866},
  timestamp = {Tue, 05 Sep 2017 10:03:46 +0200},
  biburl    = {http://dblp.org/rec/bib/journals/corr/abs-1708-05866},
  bibsource = {dblp computer science bibliography, http://dblp.org}
}

@inproceedings{a3c,
  title={Asynchronous methods for deep reinforcement learning},
  author={Mnih, Volodymyr and Badia, Adria Puigdomenech and Mirza, Mehdi and Graves, Alex and Lillicrap, Timothy and Harley, Tim and Silver, David and Kavukcuoglu, Koray},
  booktitle={International Conference on Machine Learning},
  pages={1928--1937},
  year={2016}
}



@article{starcraft,
  title={StarCraft II: a new challenge for reinforcement learning},
  author={Vinyals, Oriol and Ewalds, Timo and Bartunov, Sergey and Georgiev, Petko and Vezhnevets, Alexander Sasha and Yeo, Michelle and Makhzani, Alireza and K{\"u}ttler, Heinrich and Agapiou, John and Schrittwieser, Julian and others},
  journal={arXiv preprint arXiv:1708.04782},
  year={2017}
}

@article{deepmind1,
  author    = {Volodymyr Mnih and
               Koray Kavukcuoglu and
               David Silver and
               Alex Graves and
               Ioannis Antonoglou and
               Daan Wierstra and
               Martin A. Riedmiller},
  title     = {Playing Atari with Deep Reinforcement Learning},
  journal   = {CoRR},
  volume    = {abs/1312.5602},
  year      = {2013},
  url       = {http://arxiv.org/abs/1312.5602},
  archivePrefix = {arXiv},
  eprint    = {1312.5602},
  timestamp = {Wed, 07 Jun 2017 14:43:06 +0200},
  biburl    = {http://dblp.org/rec/bib/journals/corr/MnihKSGAWR13},
  bibsource = {dblp computer science bibliography, http://dblp.org}
}

@inproceedings{doubleq,
  title={Deep Reinforcement Learning with Double Q-Learning.},
  author={Van Hasselt, Hado and Guez, Arthur and Silver, David},
  booktitle={AAAI},
  volume={16},
  pages={2094--2100},
  year={2016}
}

@article{dueling,
  title={Dueling network architectures for deep reinforcement learning},
  author={Wang, Ziyu and Schaul, Tom and Hessel, Matteo and Van Hasselt, Hado and Lanctot, Marc and De Freitas, Nando},
  journal={arXiv preprint arXiv:1511.06581},
  year={2015}
}

@article{human,
  title={Human-level control through deep reinforcement learning},
  author={Mnih, Volodymyr and Kavukcuoglu, Koray and Silver, David and Rusu, Andrei A and Veness, Joel and Bellemare, Marc G and Graves, Alex and Riedmiller, Martin and Fidjeland, Andreas K and Ostrovski, Georg and others},
  journal={Nature},
  volume={518},
  number={7540},
  pages={529},
  year={2015},
  publisher={Nature Publishing Group}
}


@article{ale-eval-plat,
  author = {{Bellemare}, M.~G. and {Naddaf}, Y. and {Veness}, J. and {Bowling}, M.},
  title = {The Arcade Learning Environment: An Evaluation Platform for General Agents},
  journal = {Journal of Artificial Intelligence Research},
  year = "2013",
  month = "jun",
  volume = "47",
  pages = "253--279",
}

@article{wu2016google,
  title={Google's neural machine translation system: Bridging the gap between human and machine translation},
  author={Wu, Yonghui and Schuster, Mike and Chen, Zhifeng and Le, Quoc V and Norouzi, Mohammad and Macherey, Wolfgang and Krikun, Maxim and Cao, Yuan and Gao, Qin and Macherey, Klaus and others},
  journal={arXiv preprint arXiv:1609.08144},
  year={2016}
}

@article{prioritized,
  title={Prioritized experience replay},
  author={Schaul, Tom and Quan, John and Antonoglou, Ioannis and Silver, David},
  journal={arXiv preprint arXiv:1511.05952},
  year={2015}
}


@book{sutton1998reinforcement,
  title={Reinforcement learning: An introduction},
  author={Sutton, Richard S and Barto, Andrew G},
  volume={1},
  number={1},
  year={1998},
  publisher={MIT press Cambridge}
}

@article{kaelbling1996reinforcement,
  title={Reinforcement learning: A survey},
  author={Kaelbling, Leslie Pack and Littman, Michael L and Moore, Andrew W},
  journal={Journal of artificial intelligence research},
  volume={4},
  pages={237--285},
  year={1996}
}


@book{chauvin-bp,
  title={Backpropagation: theory, architectures, and applications},
  author={Chauvin, Yves and Rumelhart, David E},
  year={1995},
  publisher={Psychology Press}
}

@article{programming-comp-chess,
  author = { Claude E. Shannon },
  title = {XXII. Programming a computer for playing chess},
  journal = {The London, Edinburgh, and Dublin Philosophical Magazine and Journal of Science},
  volume = {41},
  number = {314},
  pages = {256-275},
  year  = {1950},
  publisher = {Taylor & Francis},
  URL = {https://doi.org/10.1080/14786445008521796},
}

@article{qlearning,
  author="Watkins, Christopher J. C. H.
  and Dayan, Peter",
  title="Q-learning",
  journal="Machine Learning",
  year="1992",
  month="May",
  day="01",
  volume="8",
  number="3",
  pages="279--292",
  issn="1573-0565",
  doi="10.1007/BF00992698",
  url="https://doi.org/10.1007/BF00992698"
}

@article{44806,
title = {Mastering the game of Go with deep neural networks and tree search},
author  = {David Silver and Aja Huang and Christopher J. Maddison and Arthur Guez and Laurent Sifre and George van den Driessche and Julian Schrittwieser and Ioannis Antonoglou and Veda Panneershelvam and Marc Lanctot and Sander Dieleman and Dominik Grewe and John Nham and Nal Kalchbrenner and Ilya Sutskever and Timothy Lillicrap and Madeleine Leach and Koray Kavukcuoglu and Thore Graepel and Demis Hassabis},
year  = {2016},
URL = {http://www.nature.com/nature/journal/v529/n7587/full/nature16961.html},
journal = {Nature},
pages = {484--503},
volume  = {529}
}

@article{li2017deep,
  title={Deep reinforcement learning: An overview},
  author={Li, Yuxi},
  journal={arXiv preprint arXiv:1701.07274},
  year={2017}
}


@misc{space-invaders,
  title = {Space Invaders Wikipedia page},
  url = {https://en.wikipedia.org/wiki/Space_Invaders}
}

@misc{breakout,
  title = {Breakout Wikipedia page},
  url = {https://en.wikipedia.org/wiki/Breakout_(video_game)}
}

@misc{openaigym,
  Author = {Greg Brockman and Vicki Cheung and Ludwig Pettersson and Jonas Schneider and John Schulman and Jie Tang and Wojciech Zaremba},
  Title = {OpenAI Gym},
  Year = {2016},
  Eprint = {arXiv:1606.01540},
}

@misc{stella,
  title = {Stella Atari 2600 Emulator},
  url = {https://stella-emu.github.io/}
}

@misc{slurm,
  title = {Slurm Resource Manager User Guide},
  url = {https://slurm.schedmd.com/quickstart.html}
}

@misc{python,
  title = {Python Homepage},
  url = {https://www.python.org/}
}

@misc{pickle,
  title = {Python Pickle Module Documentation},
  url = {https://docs.python.org/3/library/pickle.html}
}

@misc{bz2,
  title = {Python BZ2 Module Documentation},
  url = {https://docs.python.org/3/library/bz2.html}
}

@misc{keras,
  title = {Keras Documentation},
  url = {https://keras.io/}
}

@misc{tf,
  title = {Tensorflow Homepage},
  url = {https://www.tensorflow.org/}
}

@misc{numpy,
  title = {Numpy Homepage},
  url = {http://www.numpy.org/}
}
